@misc{arith,
author = {Wikipedia},
title = {Arithmetic Progressions - Wikipedia The free Encyclopedia},
year = {2015},
url = {http://en.wikipedia.org/wiki/Arithmetic_progression}
}
@misc{geo,
author = {Wikipedia},
title = {Geometric Progressions - Wikipedia The free Encyclopedia},
year = {2015},
url = {http://en.wikipedia.org/wiki/Geometric_progression}
}
